[gd_scene load_steps=21 format=2]

[ext_resource path="res://Assets/Levels/Level/Concrete007_2K_Color.jpg" type="Texture" id=1]
[ext_resource path="res://Assets/Levels/Level/Concrete007_2K_Normal.jpg" type="Texture" id=2]
[ext_resource path="res://Assets/Levels/Level/Concrete007_2K_Roughness.jpg" type="Texture" id=3]
[ext_resource path="res://Assets/Levels/Level/Concrete007_2K_Displacement.jpg" type="Texture" id=4]
[ext_resource path="res://Assets/Levels/Level/Concrete007_2K_AmbientOcclusion.jpg" type="Texture" id=5]
[ext_resource path="res://Assets/Levels/Level/Bricks035_2K_Color.jpg" type="Texture" id=6]
[ext_resource path="res://Assets/Levels/Level/Bricks035_2K_Roughness.jpg" type="Texture" id=7]
[ext_resource path="res://Assets/Levels/Level/Bricks035_2K_Displacement.jpg" type="Texture" id=8]
[ext_resource path="res://Assets/Levels/Level/Bricks035_2K_Normal.jpg" type="Texture" id=9]
[ext_resource path="res://Assets/Levels/Level/Bricks035_2K_AmbientOcclusion.jpg" type="Texture" id=10]
[ext_resource path="res://Assets/Levels/Level/door.material" type="Material" id=11]

[sub_resource type="ProceduralSky" id=11]
sky_top_color = Color( 0.0901961, 0.431373, 0.596078, 1 )
sky_horizon_color = Color( 0.937255, 0.403922, 0.196078, 1 )
sun_latitude = 0.0
sun_angle_max = 26.59

[sub_resource type="Environment" id=12]
background_sky = SubResource( 11 )
background_color = Color( 1, 1, 1, 1 )
ambient_light_color = Color( 1, 1, 1, 1 )
ambient_light_energy = 0.01
ambient_light_sky_contribution = 0.0

[sub_resource type="PlaneMesh" id=13]

[sub_resource type="SpatialMaterial" id=14]
albedo_texture = ExtResource( 1 )
metallic_specular = 0.0
roughness_texture = ExtResource( 3 )
normal_enabled = true
normal_scale = 1.0
normal_texture = ExtResource( 2 )
ao_enabled = true
ao_light_affect = 0.0
ao_texture = ExtResource( 5 )
ao_on_uv2 = false
ao_texture_channel = 0
depth_enabled = true
depth_scale = 0.0
depth_deep_parallax = false
depth_flip_tangent = false
depth_flip_binormal = false
depth_texture = ExtResource( 4 )
uv1_scale = Vector3( 2.5, 0.5, 1 )
uv2_scale = Vector3( 1.25, 1.25, 1 )

[sub_resource type="BoxShape" id=15]
extents = Vector3( 10, 0.2, 2 )

[sub_resource type="SpatialMaterial" id=16]
albedo_texture = ExtResource( 6 )
roughness_texture = ExtResource( 7 )
normal_enabled = true
normal_scale = 1.0
normal_texture = ExtResource( 9 )
ao_enabled = true
ao_light_affect = 0.47
ao_texture = ExtResource( 10 )
ao_on_uv2 = false
ao_texture_channel = 0
depth_enabled = true
depth_scale = 0.0
depth_deep_parallax = false
depth_flip_tangent = false
depth_flip_binormal = false
depth_texture = ExtResource( 8 )
uv1_scale = Vector3( 1.1, 1, 1 )

[sub_resource type="SpatialMaterial" id=17]
albedo_texture = ExtResource( 6 )
roughness_texture = ExtResource( 7 )
normal_enabled = true
normal_scale = 1.0
normal_texture = ExtResource( 9 )
ao_enabled = true
ao_light_affect = 0.47
ao_texture = ExtResource( 10 )
ao_on_uv2 = false
ao_texture_channel = 0
depth_enabled = true
depth_scale = 0.0
depth_deep_parallax = false
depth_flip_tangent = false
depth_flip_binormal = false
depth_texture = ExtResource( 8 )
uv1_scale = Vector3( 0.2, 1, 1 )

[sub_resource type="QuadMesh" id=18]

[sub_resource type="BoxShape" id=19]
extents = Vector3( 0.430184, 0.469676, 0.1 )

[node name="Level" type="Spatial"]

[node name="Lights" type="Spatial" parent="."]

[node name="SpotLight" type="SpotLight" parent="Lights"]
transform = Transform( 1, 0, 0, 0, -4.37114e-08, 1, 0, -1, -4.37114e-08, 5.54929, 11.0294, 0 )
light_energy = 1.91
light_indirect_energy = 1.03
spot_range = 13.8667
spot_attenuation = 0.574349
spot_angle = 34.9313
spot_angle_attenuation = 1.31951

[node name="SpotLight2" type="SpotLight" parent="Lights"]
transform = Transform( 1, 0, 0, 0, -4.37114e-08, 1, 0, -1, -4.37114e-08, -4.45071, 11.0294, 0 )
light_energy = 1.91
light_indirect_energy = 1.03
spot_range = 13.8667
spot_attenuation = 0.574349
spot_angle = 34.9313
spot_angle_attenuation = 1.31951

[node name="WorldEnvironment" type="WorldEnvironment" parent="Lights"]
environment = SubResource( 12 )

[node name="StaticLevel" type="Spatial" parent="."]

[node name="Floor" type="StaticBody" parent="StaticLevel"]

[node name="MeshInstance" type="MeshInstance" parent="StaticLevel/Floor"]
transform = Transform( 10, 0, 0, 0, 1, 0, 0, 0, 2, 0, 0, 0 )
mesh = SubResource( 13 )
material/0 = SubResource( 14 )

[node name="BoxCollision" type="CollisionShape" parent="StaticLevel/Floor"]
transform = Transform( 1, 0, 0, 0, 1, 0, 0, 0, 1, 0, -0.2, 0 )
shape = SubResource( 15 )

[node name="Ceiling" type="StaticBody" parent="StaticLevel"]
transform = Transform( 1, 0, 0, 0, 1, 0, 0, 0, 1, 0, 12, 0 )

[node name="MeshInstance" type="MeshInstance" parent="StaticLevel/Ceiling"]
transform = Transform( 10, 0, 0, 0, -1, 1.74846e-07, 0, -8.74228e-08, -2, 0, 0, 0 )
mesh = SubResource( 13 )
material/0 = SubResource( 14 )

[node name="BoxCollision" type="CollisionShape" parent="StaticLevel/Ceiling"]
transform = Transform( 1, 0, 0, 0, 1, 0, 0, 0, 1, 0, 0.2, 0 )
shape = SubResource( 15 )

[node name="WallZNeg" type="StaticBody" parent="StaticLevel"]
transform = Transform( 1, 0, 0, 0, -4.37114e-08, -3, 0, 1, -1.31134e-07, 0, 6, -2 )

[node name="WallMesh" type="MeshInstance" parent="StaticLevel/WallZNeg"]
transform = Transform( 10, 0, 0, 0, 1, 0, 0, 0, 2, 0, 0, 0 )
mesh = SubResource( 13 )
material/0 = SubResource( 16 )

[node name="BoxCollision" type="CollisionShape" parent="StaticLevel/WallZNeg"]
transform = Transform( 1, 0, 0, 0, 1, 0, 0, 0, 1, 0, -0.2, 0 )
shape = SubResource( 15 )

[node name="WallZPos" type="StaticBody" parent="StaticLevel"]
transform = Transform( -1, -8.74228e-08, 1.14641e-14, 0, -4.37114e-08, -3, 8.74228e-08, -1, 1.31134e-07, 0, 6, 2 )

[node name="WallMesh" type="MeshInstance" parent="StaticLevel/WallZPos"]
transform = Transform( 10, 0, 0, 0, 1, 0, 0, 0, 2, 0, 0, 0 )
mesh = SubResource( 13 )
material/0 = SubResource( 16 )

[node name="BoxCollision" type="CollisionShape" parent="StaticLevel/WallZPos"]
transform = Transform( 1, 0, 0, 0, 1, 0, 0, 0, 1, 0, -0.2, 0 )
shape = SubResource( 15 )

[node name="WallXPos" type="StaticBody" parent="StaticLevel"]
transform = Transform( 1.31134e-07, -1, 1.31134e-07, 0, -4.37114e-08, -3, 0.2, 2.62268e-08, -3.43923e-15, 10, 6, 0 )

[node name="WallMesh" type="MeshInstance" parent="StaticLevel/WallXPos"]
transform = Transform( 10, 2.84217e-14, 0, 0, 1, -5.68434e-14, -3.38813e-21, 1.77636e-15, 2, 0, 0, 0 )
mesh = SubResource( 13 )
material/0 = SubResource( 17 )

[node name="BoxCollision" type="CollisionShape" parent="StaticLevel/WallXPos"]
transform = Transform( 1, 0, 0, 0, 1, 0, 0, 0, 1, 0, -0.2, 0 )
shape = SubResource( 15 )

[node name="WallXNeg" type="StaticBody" parent="StaticLevel"]
transform = Transform( -1.48619e-07, 1, -1.31134e-07, 0, -4.37114e-08, -3, -0.2, -1.1365e-07, 1.49033e-14, -10, 6, 0 )

[node name="WallMesh" type="MeshInstance" parent="StaticLevel/WallXNeg"]
transform = Transform( 10, 2.84217e-14, 0, 0, 1, -5.68434e-14, -3.38813e-21, 1.77636e-15, 2, 0, 0, 0 )
mesh = SubResource( 13 )
material/0 = SubResource( 17 )

[node name="BoxCollision" type="CollisionShape" parent="StaticLevel/WallXNeg"]
transform = Transform( 1, 0, 0, 0, 1, 0, 0, 0, 1, 0, -0.2, 0 )
shape = SubResource( 15 )

[node name="SpawnPoints" type="Spatial" parent="."]

[node name="Start" type="Position3D" parent="SpawnPoints"]
transform = Transform( 0, 0, 1, 0, 1, 0, -1, 0, 0, 4.71993, 0, 0 )

[node name="Doors" type="Spatial" parent="."]

[node name="Door1" type="StaticBody" parent="Doors"]
transform = Transform( -3.25841e-07, 0, 1, 0, 4, 0, -2, 0, -1.62921e-07, -9.99, 2, 0 )
collision_layer = 3
__meta__ = {
"_editor_description_": ""
}

[node name="MeshInstance" type="MeshInstance" parent="Doors/Door1"]
layers = 3
mesh = SubResource( 18 )
material/0 = ExtResource( 11 )
__meta__ = {
"_editor_description_": ""
}

[node name="DoorCollision" type="CollisionShape" parent="Doors/Door1"]
shape = SubResource( 19 )
__meta__ = {
"_editor_description_": ""
}

[node name="Door2" type="StaticBody" parent="Doors"]
transform = Transform( 1.50996e-07, 1.42109e-14, -1, 0, 4, 3.55273e-15, 2, -1.07289e-21, 7.54979e-08, 9.99, 2, 0 )
collision_layer = 3
__meta__ = {
"_editor_description_": ""
}

[node name="MeshInstance" type="MeshInstance" parent="Doors/Door2"]
transform = Transform( 1, 0, 0, 0, 1, -8.74228e-08, 0, 8.74228e-08, 1, 0, 0, 0 )
layers = 3
mesh = SubResource( 18 )
material/0 = ExtResource( 11 )
__meta__ = {
"_editor_description_": ""
}

[node name="DoorCollision" type="CollisionShape" parent="Doors/Door2"]
shape = SubResource( 19 )
__meta__ = {
"_editor_description_": ""
}
